
@article{li_new_2018,
	title = {A new method to quantify surface urban heat island intensity},
	volume = {624},
	issn = {00489697},
	url = {https://linkinghub.elsevier.com/retrieve/pii/S0048969717334186},
	doi = {10.1016/j.scitotenv.2017.11.360},
	pages = {262--272},
	journaltitle = {Science of The Total Environment},
	shortjournal = {Science of The Total Environment},
	author = {Li, Huidong and Zhou, Yuyu and Li, Xiaoma and Meng, Lin and Wang, Xun and Wu, Sha and Sodoudi, Sahar},
	urldate = {2019-09-11},
	date = {2018-05},
	langid = {english}
}


@article{parastatidis_online_2017,
	title = {Online Global Land Surface Temperature Estimation from Landsat},
	volume = {9},
	issn = {2072-4292},
	url = {http://www.mdpi.com/2072-4292/9/12/1208},
	doi = {10.3390/rs9121208},
	pages = {1208},
	number = {12},
	journaltitle = {Remote Sensing},
	shortjournal = {Remote Sensing},
	author = {Parastatidis, David and Mitraka, Zina and Chrysoulakis, Nektrarios and Abrams, Michael},
	urldate = {2019-09-27},
	date = {2017-11-23},
	langid = {english},
	file = {Full Text:C\:\\Users\\wang_mc\\Zotero\\storage\\DWWL689F\\Parastatidis et al. - 2017 - Online Global Land Surface Temperature Estimation .pdf:application/pdf}
}


@article{pekel_high-resolution_2016,
	title = {High-resolution mapping of global surface water and its long-term changes},
	volume = {540},
	issn = {0028-0836, 1476-4687},
	url = {http://www.nature.com/articles/nature20584},
	doi = {10.1038/nature20584},
	pages = {418--422},
	number = {7633},
	journaltitle = {Nature},
	shortjournal = {Nature},
	author = {Pekel, Jean-Fran√ßois and Cottam, Andrew and Gorelick, Noel and Belward, Alan S.},
	urldate = {2019-09-27},
	date = {2016-12},
	langid = {english}
}

@misc{r_squared_distractions,
	title = {Lecture 10: F-Tests, R2, and Other Distractions},
	author = {Shalizi, Cosma},
	howpublished = {Online},
	month = {October},
	year = {2015},
	url = {http://www.stat.cmu.edu/~cshalizi/mreg/15/lectures/10/lecture-10.pdf},
	urldate = {2019-09-30}
}